%YAML 1.1
%TAG !u! tag:unity3d.com,2011:
--- !u!1 &109238
GameObject:
  m_ObjectHideFlags: 0
  m_PrefabParentObject: {fileID: 0}
  m_PrefabInternal: {fileID: 100100000}
  serializedVersion: 4
  m_Component:
  - 4: {fileID: 409238}
  - 212: {fileID: 21209242}
  - 60: {fileID: 6009242}
  m_Layer: 9
  m_Name: Body
  m_TagString: Untagged
  m_Icon: {fileID: 0}
  m_NavMeshLayer: 0
  m_StaticEditorFlags: 0
  m_IsActive: 1
--- !u!1 &109240
GameObject:
  m_ObjectHideFlags: 0
  m_PrefabParentObject: {fileID: 0}
  m_PrefabInternal: {fileID: 100100000}
  serializedVersion: 4
  m_Component:
  - 4: {fileID: 409240}
  - 212: {fileID: 21209244}
  - 58: {fileID: 5867744}
  - 60: {fileID: 6009244}
  m_Layer: 9
  m_Name: LeftFoot
  m_TagString: Untagged
  m_Icon: {fileID: 0}
  m_NavMeshLayer: 0
  m_StaticEditorFlags: 0
  m_IsActive: 1
--- !u!1 &109242
GameObject:
  m_ObjectHideFlags: 0
  m_PrefabParentObject: {fileID: 0}
  m_PrefabInternal: {fileID: 100100000}
  serializedVersion: 4
  m_Component:
  - 4: {fileID: 409242}
  - 212: {fileID: 21209246}
  - 60: {fileID: 6009246}
  m_Layer: 9
  m_Name: LeftHand
  m_TagString: Untagged
  m_Icon: {fileID: 0}
  m_NavMeshLayer: 0
  m_StaticEditorFlags: 0
  m_IsActive: 1
--- !u!1 &109244
GameObject:
  m_ObjectHideFlags: 0
  m_PrefabParentObject: {fileID: 0}
  m_PrefabInternal: {fileID: 100100000}
  serializedVersion: 4
  m_Component:
  - 4: {fileID: 409244}
  - 212: {fileID: 21209248}
  - 58: {fileID: 5867746}
  - 60: {fileID: 6009248}
  m_Layer: 9
  m_Name: RightFoot
  m_TagString: Untagged
  m_Icon: {fileID: 0}
  m_NavMeshLayer: 0
  m_StaticEditorFlags: 0
  m_IsActive: 1
--- !u!1 &109246
GameObject:
  m_ObjectHideFlags: 0
  m_PrefabParentObject: {fileID: 0}
  m_PrefabInternal: {fileID: 100100000}
  serializedVersion: 4
  m_Component:
  - 4: {fileID: 409246}
  - 212: {fileID: 21209250}
  - 60: {fileID: 6009250}
  m_Layer: 9
  m_Name: RightHand
  m_TagString: Untagged
  m_Icon: {fileID: 0}
  m_NavMeshLayer: 0
  m_StaticEditorFlags: 0
  m_IsActive: 1
--- !u!1 &125666
GameObject:
  m_ObjectHideFlags: 0
  m_PrefabParentObject: {fileID: 0}
  m_PrefabInternal: {fileID: 100100000}
  serializedVersion: 4
  m_Component:
  - 4: {fileID: 425666}
  - 114: {fileID: 11409250}
  - 50: {fileID: 5009250}
  - 95: {fileID: 9509250}
  - 61: {fileID: 6151746}
  m_Layer: 9
  m_Name: Panacik
  m_TagString: Player
  m_Icon: {fileID: 0}
  m_NavMeshLayer: 0
  m_StaticEditorFlags: 0
  m_IsActive: 1
--- !u!1 &162200
GameObject:
  m_ObjectHideFlags: 0
  m_PrefabParentObject: {fileID: 0}
  m_PrefabInternal: {fileID: 100100000}
  serializedVersion: 4
  m_Component:
  - 4: {fileID: 462200}
  - 212: {fileID: 21262200}
  m_Layer: 12
  m_Name: MapObject
  m_TagString: Untagged
  m_Icon: {fileID: 0}
  m_NavMeshLayer: 0
  m_StaticEditorFlags: 0
  m_IsActive: 0
--- !u!1 &167746
GameObject:
  m_ObjectHideFlags: 0
  m_PrefabParentObject: {fileID: 0}
  m_PrefabInternal: {fileID: 100100000}
  serializedVersion: 4
  m_Component:
  - 4: {fileID: 467746}
  - 61: {fileID: 6108172}
  m_Layer: 9
  m_Name: groundCheck
  m_TagString: Untagged
  m_Icon: {fileID: -2065832391, guid: 0000000000000000d000000000000000, type: 0}
  m_NavMeshLayer: 0
  m_StaticEditorFlags: 0
  m_IsActive: 1
--- !u!4 &409238
Transform:
  m_ObjectHideFlags: 1
  m_PrefabParentObject: {fileID: 0}
  m_PrefabInternal: {fileID: 100100000}
  m_GameObject: {fileID: 109238}
  m_LocalRotation: {x: 0, y: 0, z: 0, w: 1}
  m_LocalPosition: {x: .0100000501, y: .0100002289, z: 0}
  m_LocalScale: {x: .275273532, y: .275273532, z: .275273532}
  m_Children: []
  m_Father: {fileID: 425666}
  m_RootOrder: 0
--- !u!4 &409240
Transform:
  m_ObjectHideFlags: 1
  m_PrefabParentObject: {fileID: 0}
  m_PrefabInternal: {fileID: 100100000}
  m_GameObject: {fileID: 109240}
  m_LocalRotation: {x: 0, y: 0, z: 0, w: 1}
  m_LocalPosition: {x: -.231999993, y: -.467999995, z: 0}
  m_LocalScale: {x: .275273532, y: .275273532, z: .275273532}
  m_Children: []
  m_Father: {fileID: 425666}
  m_RootOrder: 1
--- !u!4 &409242
Transform:
  m_ObjectHideFlags: 1
  m_PrefabParentObject: {fileID: 0}
  m_PrefabInternal: {fileID: 100100000}
  m_GameObject: {fileID: 109242}
  m_LocalRotation: {x: 0, y: 0, z: 0, w: 1}
  m_LocalPosition: {x: -.514000177, y: -.0640001297, z: 0}
  m_LocalScale: {x: .275273532, y: .275273532, z: .275273532}
  m_Children: []
  m_Father: {fileID: 425666}
  m_RootOrder: 2
--- !u!4 &409244
Transform:
  m_ObjectHideFlags: 1
  m_PrefabParentObject: {fileID: 0}
  m_PrefabInternal: {fileID: 100100000}
  m_GameObject: {fileID: 109244}
  m_LocalRotation: {x: 0, y: 0, z: 0, w: 1}
  m_LocalPosition: {x: .313000023, y: -.480999947, z: 0}
  m_LocalScale: {x: .275273532, y: .275273532, z: .275273532}
  m_Children: []
  m_Father: {fileID: 425666}
  m_RootOrder: 3
--- !u!4 &409246
Transform:
  m_ObjectHideFlags: 1
  m_PrefabParentObject: {fileID: 0}
  m_PrefabInternal: {fileID: 100100000}
  m_GameObject: {fileID: 109246}
  m_LocalRotation: {x: 0, y: 0, z: 0, w: 1}
  m_LocalPosition: {x: .527999938, y: -.0980000496, z: 0}
  m_LocalScale: {x: .275273532, y: .275273532, z: .275273532}
  m_Children: []
  m_Father: {fileID: 425666}
  m_RootOrder: 4
--- !u!4 &425666
Transform:
  m_ObjectHideFlags: 1
  m_PrefabParentObject: {fileID: 0}
  m_PrefabInternal: {fileID: 100100000}
  m_GameObject: {fileID: 125666}
  m_LocalRotation: {x: 0, y: 0, z: 0, w: 1}
  m_LocalPosition: {x: -.980000019, y: 3.52999997, z: 0}
  m_LocalScale: {x: 1, y: 1, z: 1}
  m_Children:
  - {fileID: 409238}
  - {fileID: 409240}
  - {fileID: 409242}
  - {fileID: 409244}
  - {fileID: 409246}
  - {fileID: 467746}
  - {fileID: 462200}
  m_Father: {fileID: 0}
  m_RootOrder: 0
--- !u!4 &462200
Transform:
  m_ObjectHideFlags: 1
  m_PrefabParentObject: {fileID: 0}
  m_PrefabInternal: {fileID: 100100000}
  m_GameObject: {fileID: 162200}
  m_LocalRotation: {x: 0, y: 0, z: 0, w: 1}
  m_LocalPosition: {x: .113299906, y: -.470099926, z: 0}
  m_LocalScale: {x: 1.6083231, y: 1.60832322, z: 1.60832322}
  m_Children: []
  m_Father: {fileID: 425666}
  m_RootOrder: 6
--- !u!4 &467746
Transform:
  m_ObjectHideFlags: 1
  m_PrefabParentObject: {fileID: 0}
  m_PrefabInternal: {fileID: 100100000}
  m_GameObject: {fileID: 167746}
  m_LocalRotation: {x: 0, y: 0, z: 0, w: 1}
  m_LocalPosition: {x: -.00900000334, y: -.651000023, z: 0}
  m_LocalScale: {x: 1, y: 1, z: 1}
  m_Children: []
  m_Father: {fileID: 425666}
  m_RootOrder: 5
--- !u!50 &5009250
Rigidbody2D:
  m_ObjectHideFlags: 1
  m_PrefabParentObject: {fileID: 0}
  m_PrefabInternal: {fileID: 100100000}
  m_GameObject: {fileID: 125666}
  m_Mass: 1
  m_LinearDrag: 0
  m_AngularDrag: .0500000007
  m_GravityScale: 1
  m_FixedAngle: 1
  m_IsKinematic: 0
  m_Interpolate: 0
  m_SleepingMode: 1
  m_CollisionDetection: 0
--- !u!58 &5867744
CircleCollider2D:
  m_ObjectHideFlags: 1
  m_PrefabParentObject: {fileID: 0}
  m_PrefabInternal: {fileID: 100100000}
  m_GameObject: {fileID: 109240}
  m_Enabled: 1
  m_Material: {fileID: 0}
  m_IsTrigger: 0
  m_UsedByEffector: 0
  m_Offset: {x: 9.53674316e-07, y: .119999997}
  serializedVersion: 2
  m_Radius: .254999995
--- !u!58 &5867746
CircleCollider2D:
  m_ObjectHideFlags: 1
  m_PrefabParentObject: {fileID: 0}
  m_PrefabInternal: {fileID: 100100000}
  m_GameObject: {fileID: 109244}
  m_Enabled: 1
  m_Material: {fileID: 0}
  m_IsTrigger: 0
  m_UsedByEffector: 0
  m_Offset: {x: 0, y: .140000001}
  serializedVersion: 2
  m_Radius: .264999986
--- !u!60 &6009242
PolygonCollider2D:
  m_ObjectHideFlags: 1
  m_PrefabParentObject: {fileID: 0}
  m_PrefabInternal: {fileID: 100100000}
  m_GameObject: {fileID: 109238}
  m_Enabled: 1
  m_Material: {fileID: 0}
  m_IsTrigger: 0
  m_UsedByEffector: 0
  m_Offset: {x: 0, y: 0}
  m_Points:
    m_Paths:
    - - {x: 1.11000001, y: -1.31500006}
      - {x: 1.21000004, y: -1.22500002}
      - {x: 1.37, y: -.904999971}
      - {x: 1.47000003, y: -.584999979}
      - {x: 1.50999999, y: -.405000001}
      - {x: 1.52999997, y: -.264999986}
      - {x: 1.52999997, y: .0549999997}
      - {x: 1.50999999, y: .0549999997}
      - {x: 1.50999999, y: .485000014}
      - {x: 1.5, y: .524999976}
      - {x: 1.49000001, y: .785000026}
      - {x: 1.47000003, y: .894999981}
      - {x: 1.38999999, y: .995000005}
      - {x: 1.28999996, y: 1.07500005}
      - {x: 1.16999996, y: 1.13499999}
      - {x: .980000019, y: 1.17499995}
      - {x: .819999993, y: 1.21500003}
      - {x: .5, y: 1.26499999}
      - {x: .0700000003, y: 1.31500006}
      - {x: -.270000011, y: 1.34500003}
      - {x: -1.09000003, y: 1.34500003}
      - {x: -1.14999998, y: 1.32500005}
      - {x: -1.29999995, y: 1.245}
      - {x: -1.38999999, y: 1.15499997}
      - {x: -1.45000005, y: .995000005}
      - {x: -1.48000002, y: .824999988}
      - {x: -1.5, y: .495000005}
      - {x: -1.5, y: .0149999997}
      - {x: -1.48000002, y: .0149999997}
      - {x: -1.49000001, y: -.584999979}
      - {x: -1.49000001, y: -.654999971}
      - {x: -1.42999995, y: -1.03499997}
      - {x: -1.38, y: -1.15499997}
      - {x: -1.32000005, y: -1.21500003}
      - {x: -1.19000006, y: -1.28499997}
      - {x: -.949999988, y: -1.28499997}
      - {x: -.689999998, y: -1.32500005}
      - {x: -.50999999, y: -1.32500005}
      - {x: .170000002, y: -1.23500001}
      - {x: .569999993, y: -1.23500001}
      - {x: .620000005, y: -1.255}
--- !u!60 &6009244
PolygonCollider2D:
  m_ObjectHideFlags: 1
  m_PrefabParentObject: {fileID: 0}
  m_PrefabInternal: {fileID: 100100000}
  m_GameObject: {fileID: 109240}
  m_Enabled: 1
  m_Material: {fileID: 0}
  m_IsTrigger: 0
  m_UsedByEffector: 0
  m_Offset: {x: 0, y: 0}
  m_Points:
    m_Paths:
    - - {x: .00941813644, y: .126419038}
      - {x: -.114587039, y: .0817119032}
      - {x: -.24924542, y: -.00225969451}
      - {x: -.23198548, y: -.0889716819}
      - {x: -.184725046, y: -.11910902}
      - {x: -.0839196295, y: -.140819058}
      - {x: .0462332256, y: -.130616233}
      - {x: .167601943, y: -.0806162655}
      - {x: .223355502, y: -.0319864973}
      - {x: .23773995, y: .0747258142}
      - {x: .130203098, y: .124862626}
--- !u!60 &6009246
PolygonCollider2D:
  m_ObjectHideFlags: 1
  m_PrefabParentObject: {fileID: 0}
  m_PrefabInternal: {fileID: 100100000}
  m_GameObject: {fileID: 109242}
  m_Enabled: 1
  m_Material: {fileID: 0}
  m_IsTrigger: 0
  m_UsedByEffector: 0
  m_Offset: {x: 0, y: 0}
  m_Points:
    m_Paths:
    - - {x: -.0250000004, y: .215000004}
      - {x: -.104999997, y: .155000001}
      - {x: -.135000005, y: .00499999989}
      - {x: -.135000005, y: -.194999993}
      - {x: .0350000001, y: -.194999993}
      - {x: .144999996, y: -.155000001}
      - {x: .144999996, y: .215000004}
--- !u!60 &6009248
PolygonCollider2D:
  m_ObjectHideFlags: 1
  m_PrefabParentObject: {fileID: 0}
  m_PrefabInternal: {fileID: 100100000}
  m_GameObject: {fileID: 109244}
  m_Enabled: 1
  m_Material: {fileID: 0}
  m_IsTrigger: 0
  m_UsedByEffector: 0
  m_Offset: {x: 0, y: 0}
  m_Points:
    m_Paths:
    - - {x: .110033005, y: .123191893}
      - {x: -.144252345, y: .14214249}
      - {x: -.242917582, y: .105952732}
      - {x: -.233191118, y: .0277667865}
      - {x: -.188660666, y: -.0786380619}
      - {x: -.120925263, y: -.142276734}
      - {x: -.00317344605, y: -.132760733}
      - {x: .252277255, y: -.10728655}
      - {x: .246644914, y: .00471253274}
      - {x: .214106694, y: .0854569823}
--- !u!60 &6009250
PolygonCollider2D:
  m_ObjectHideFlags: 1
  m_PrefabParentObject: {fileID: 0}
  m_PrefabInternal: {fileID: 100100000}
  m_GameObject: {fileID: 109246}
  m_Enabled: 1
  m_Material: {fileID: 0}
  m_IsTrigger: 0
  m_UsedByEffector: 0
  m_Offset: {x: 0, y: 0}
  m_Points:
    m_Paths:
    - - {x: -.125, y: .204999998}
      - {x: -.215000004, y: .204999998}
      - {x: -.215000004, y: .0549999997}
      - {x: -.115000002, y: -.165000007}
      - {x: .0250000004, y: -.194999993}
      - {x: .194999993, y: -.194999993}
      - {x: .194999993, y: .00499999989}
      - {x: .135000005, y: .0949999988}
--- !u!61 &6108172
BoxCollider2D:
  m_ObjectHideFlags: 1
  m_PrefabParentObject: {fileID: 0}
  m_PrefabInternal: {fileID: 100100000}
  m_GameObject: {fileID: 167746}
  m_Enabled: 1
  m_Material: {fileID: 0}
  m_IsTrigger: 1
  m_UsedByEffector: 0
  m_Offset: {x: 0, y: 0}
  serializedVersion: 2
  m_Size: {x: 1, y: 1}
--- !u!61 &6151746
BoxCollider2D:
  m_ObjectHideFlags: 1
  m_PrefabParentObject: {fileID: 0}
  m_PrefabInternal: {fileID: 100100000}
  m_GameObject: {fileID: 125666}
  m_Enabled: 1
  m_Material: {fileID: 0}
  m_IsTrigger: 1
  m_UsedByEffector: 0
  m_Offset: {x: 0, y: 0}
  serializedVersion: 2
  m_Size: {x: .819999993, y: .730000019}
--- !u!95 &9509250
Animator:
  serializedVersion: 3
  m_ObjectHideFlags: 1
  m_PrefabParentObject: {fileID: 0}
  m_PrefabInternal: {fileID: 100100000}
  m_GameObject: {fileID: 125666}
  m_Enabled: 1
  m_Avatar: {fileID: 0}
  m_Controller: {fileID: 9100000, guid: 035c5076f8eb7e0429db857835e0e0a3, type: 2}
  m_CullingMode: 0
  m_UpdateMode: 0
  m_ApplyRootMotion: 1
  m_LinearVelocityBlending: 0
  m_WarningMessage: 
  m_HasTransformHierarchy: 1
  m_AllowConstantClipSamplingOptimization: 1
--- !u!114 &11409250
MonoBehaviour:
  m_ObjectHideFlags: 1
  m_PrefabParentObject: {fileID: 0}
  m_PrefabInternal: {fileID: 100100000}
  m_GameObject: {fileID: 125666}
  m_Enabled: 1
  m_EditorHideFlags: 0
  m_Script: {fileID: 11500000, guid: ee8e16047827ac440bdc89cc627347f4, type: 3}
  m_Name: 
  m_EditorClassIdentifier: 
  facingRight: 1
  jump: 0
  moveForce: 20
  maxSpeed: 3
  jumpClips: []
  jumpForce: 300
  taunts: []
  tauntProbability: 50
  tauntDelay: 1
  ExitGUI: {fileID: 0}
  timeLeft: 3
--- !u!212 &21209242
SpriteRenderer:
  m_ObjectHideFlags: 1
  m_PrefabParentObject: {fileID: 0}
  m_PrefabInternal: {fileID: 100100000}
  m_GameObject: {fileID: 109238}
  m_Enabled: 1
  m_CastShadows: 0
  m_ReceiveShadows: 0
  m_Materials:
  - {fileID: 10754, guid: 0000000000000000e000000000000000, type: 0}
  m_SubsetIndices: 
  m_StaticBatchRoot: {fileID: 0}
  m_UseLightProbes: 0
  m_ReflectionProbeUsage: 1
  m_ProbeAnchor: {fileID: 0}
  m_ScaleInLightmap: 1
  m_PreserveUVs: 0
  m_ImportantGI: 0
  m_AutoUVMaxDistance: .5
  m_AutoUVMaxAngle: 89
  m_LightmapParameters: {fileID: 0}
  m_SortingLayerID: -428309787
  m_SortingOrder: 0
  m_Sprite: {fileID: 21300000, guid: 5407424220f4b3a4fa435a4313c48032, type: 3}
  m_Color: {r: 1, g: 1, b: 1, a: 1}
--- !u!212 &21209244
SpriteRenderer:
  m_ObjectHideFlags: 1
  m_PrefabParentObject: {fileID: 0}
  m_PrefabInternal: {fileID: 100100000}
  m_GameObject: {fileID: 109240}
  m_Enabled: 1
  m_CastShadows: 0
  m_ReceiveShadows: 0
  m_Materials:
  - {fileID: 10754, guid: 0000000000000000e000000000000000, type: 0}
  m_SubsetIndices: 
  m_StaticBatchRoot: {fileID: 0}
  m_UseLightProbes: 0
  m_ReflectionProbeUsage: 1
  m_ProbeAnchor: {fileID: 0}
  m_ScaleInLightmap: 1
  m_PreserveUVs: 0
  m_ImportantGI: 0
  m_AutoUVMaxDistance: .5
  m_AutoUVMaxAngle: 89
  m_LightmapParameters: {fileID: 0}
  m_SortingLayerID: -428309787
  m_SortingOrder: 0
  m_Sprite: {fileID: 21300006, guid: 5407424220f4b3a4fa435a4313c48032, type: 3}
  m_Color: {r: 1, g: 1, b: 1, a: 1}
--- !u!212 &21209246
SpriteRenderer:
  m_ObjectHideFlags: 1
  m_PrefabParentObject: {fileID: 0}
  m_PrefabInternal: {fileID: 100100000}
  m_GameObject: {fileID: 109242}
  m_Enabled: 1
  m_CastShadows: 0
  m_ReceiveShadows: 0
  m_Materials:
  - {fileID: 10754, guid: 0000000000000000e000000000000000, type: 0}
  m_SubsetIndices: 
  m_StaticBatchRoot: {fileID: 0}
  m_UseLightProbes: 0
  m_ReflectionProbeUsage: 1
  m_ProbeAnchor: {fileID: 0}
  m_ScaleInLightmap: 1
  m_PreserveUVs: 0
  m_ImportantGI: 0
  m_AutoUVMaxDistance: .5
  m_AutoUVMaxAngle: 89
  m_LightmapParameters: {fileID: 0}
  m_SortingLayerID: -428309787
  m_SortingOrder: 0
  m_Sprite: {fileID: 21300002, guid: 5407424220f4b3a4fa435a4313c48032, type: 3}
  m_Color: {r: 1, g: 1, b: 1, a: 1}
--- !u!212 &21209248
SpriteRenderer:
  m_ObjectHideFlags: 1
  m_PrefabParentObject: {fileID: 0}
  m_PrefabInternal: {fileID: 100100000}
  m_GameObject: {fileID: 109244}
  m_Enabled: 1
  m_CastShadows: 0
  m_ReceiveShadows: 0
  m_Materials:
  - {fileID: 10754, guid: 0000000000000000e000000000000000, type: 0}
  m_SubsetIndices: 
  m_StaticBatchRoot: {fileID: 0}
  m_UseLightProbes: 0
  m_ReflectionProbeUsage: 1
  m_ProbeAnchor: {fileID: 0}
  m_ScaleInLightmap: 1
  m_PreserveUVs: 0
  m_ImportantGI: 0
  m_AutoUVMaxDistance: .5
  m_AutoUVMaxAngle: 89
  m_LightmapParameters: {fileID: 0}
  m_SortingLayerID: -428309787
  m_SortingOrder: 0
  m_Sprite: {fileID: 21300008, guid: 5407424220f4b3a4fa435a4313c48032, type: 3}
  m_Color: {r: 1, g: 1, b: 1, a: 1}
--- !u!212 &21209250
SpriteRenderer:
  m_ObjectHideFlags: 1
  m_PrefabParentObject: {fileID: 0}
  m_PrefabInternal: {fileID: 100100000}
  m_GameObject: {fileID: 109246}
  m_Enabled: 1
  m_CastShadows: 0
  m_ReceiveShadows: 0
  m_Materials:
  - {fileID: 10754, guid: 0000000000000000e000000000000000, type: 0}
  m_SubsetIndices: 
  m_StaticBatchRoot: {fileID: 0}
  m_UseLightProbes: 0
  m_ReflectionProbeUsage: 1
  m_ProbeAnchor: {fileID: 0}
  m_ScaleInLightmap: 1
  m_PreserveUVs: 0
  m_ImportantGI: 0
  m_AutoUVMaxDistance: .5
  m_AutoUVMaxAngle: 89
  m_LightmapParameters: {fileID: 0}
  m_SortingLayerID: -428309787
  m_SortingOrder: 0
  m_Sprite: {fileID: 21300004, guid: 5407424220f4b3a4fa435a4313c48032, type: 3}
  m_Color: {r: 1, g: 1, b: 1, a: 1}
--- !u!212 &21262200
SpriteRenderer:
  m_ObjectHideFlags: 1
  m_PrefabParentObject: {fileID: 0}
  m_PrefabInternal: {fileID: 100100000}
  m_GameObject: {fileID: 162200}
  m_Enabled: 1
  m_CastShadows: 0
  m_ReceiveShadows: 0
  m_Materials:
  - {fileID: 10754, guid: 0000000000000000e000000000000000, type: 0}
  m_SubsetIndices: 
  m_StaticBatchRoot: {fileID: 0}
  m_UseLightProbes: 0
  m_ReflectionProbeUsage: 1
  m_ProbeAnchor: {fileID: 0}
  m_ScaleInLightmap: 1
  m_PreserveUVs: 0
  m_ImportantGI: 0
  m_AutoUVMaxDistance: .5
  m_AutoUVMaxAngle: 89
  m_LightmapParameters: {fileID: 0}
  m_SortingLayerID: -428309787
  m_SortingOrder: 0
  m_Sprite: {fileID: 21300000, guid: 5407424220f4b3a4fa435a4313c48032, type: 3}
  m_Color: {r: 1, g: 1, b: 1, a: 1}
--- !u!1001 &100100000
Prefab:
  m_ObjectHideFlags: 1
  serializedVersion: 2
  m_Modification:
    m_TransformParent: {fileID: 0}
    m_Modifications: []
    m_RemovedComponents: []
  m_ParentPrefab: {fileID: 0}
  m_RootGameObject: {fileID: 125666}
  m_IsPrefabParent: 1
