%YAML 1.1
%TAG !u! tag:unity3d.com,2011:
--- !u!1 &115844
GameObject:
  m_ObjectHideFlags: 0
  m_PrefabParentObject: {fileID: 0}
  m_PrefabInternal: {fileID: 100100000}
  serializedVersion: 4
  m_Component:
  - 4: {fileID: 415844}
  - 212: {fileID: 21215844}
  - 60: {fileID: 6015844}
  - 50: {fileID: 5015844}
  - 114: {fileID: 11415844}
  - 114: {fileID: 11415842}
  m_Layer: 8
  m_Name: Wood
  m_TagString: Ground
  m_Icon: {fileID: 0}
  m_NavMeshLayer: 0
  m_StaticEditorFlags: 0
  m_IsActive: 1
--- !u!1 &169286
GameObject:
  m_ObjectHideFlags: 0
  m_PrefabParentObject: {fileID: 0}
  m_PrefabInternal: {fileID: 100100000}
  serializedVersion: 4
  m_Component:
  - 4: {fileID: 469286}
  - 212: {fileID: 21269286}
  - 95: {fileID: 9569286}
  - 58: {fileID: 5855880}
  m_Layer: 8
  m_Name: arrow
  m_TagString: Untagged
  m_Icon: {fileID: 0}
  m_NavMeshLayer: 0
  m_StaticEditorFlags: 0
  m_IsActive: 0
--- !u!1 &191206
GameObject:
  m_ObjectHideFlags: 0
  m_PrefabParentObject: {fileID: 0}
  m_PrefabInternal: {fileID: 100100000}
  serializedVersion: 4
  m_Component:
  - 4: {fileID: 491206}
  - 212: {fileID: 21291206}
  - 60: {fileID: 6091206}
  - 50: {fileID: 5091206}
  - 95: {fileID: 9569284}
  m_Layer: 8
  m_Name: Wood-Hower
  m_TagString: Ground
  m_Icon: {fileID: 0}
  m_NavMeshLayer: 0
  m_StaticEditorFlags: 0
  m_IsActive: 0
--- !u!4 &415844
Transform:
  m_ObjectHideFlags: 1
  m_PrefabParentObject: {fileID: 0}
  m_PrefabInternal: {fileID: 100100000}
  m_GameObject: {fileID: 115844}
  m_LocalRotation: {x: 0, y: 0, z: 0, w: 1}
  m_LocalPosition: {x: -2.57999992, y: 3.41000009, z: 0}
  m_LocalScale: {x: .265192956, y: .223173618, z: .223173618}
  m_Children:
  - {fileID: 469286}
  - {fileID: 491206}
  m_Father: {fileID: 0}
  m_RootOrder: 0
--- !u!4 &469286
Transform:
  m_ObjectHideFlags: 1
  m_PrefabParentObject: {fileID: 0}
  m_PrefabInternal: {fileID: 100100000}
  m_GameObject: {fileID: 169286}
  m_LocalRotation: {x: 0, y: 0, z: .0272363201, w: .999629021}
  m_LocalPosition: {x: 0, y: 0, z: 0}
  m_LocalScale: {x: 5.47787046, y: 5.47786903, z: 5.47786903}
  m_Children: []
  m_Father: {fileID: 415844}
  m_RootOrder: 0
--- !u!4 &491206
Transform:
  m_ObjectHideFlags: 1
  m_PrefabParentObject: {fileID: 0}
  m_PrefabInternal: {fileID: 100100000}
  m_GameObject: {fileID: 191206}
  m_LocalRotation: {x: 0, y: 0, z: 0, w: 1}
  m_LocalPosition: {x: 0, y: 0, z: 0}
  m_LocalScale: {x: 1, y: 1, z: 1}
  m_Children: []
  m_Father: {fileID: 415844}
  m_RootOrder: 1
--- !u!50 &5015844
Rigidbody2D:
  m_ObjectHideFlags: 1
  m_PrefabParentObject: {fileID: 0}
  m_PrefabInternal: {fileID: 100100000}
  m_GameObject: {fileID: 115844}
  m_Mass: 1
  m_LinearDrag: 0
  m_AngularDrag: .0500000007
  m_GravityScale: 5
  m_FixedAngle: 0
  m_IsKinematic: 0
  m_Interpolate: 0
  m_SleepingMode: 1
  m_CollisionDetection: 0
--- !u!50 &5091206
Rigidbody2D:
  m_ObjectHideFlags: 1
  m_PrefabParentObject: {fileID: 0}
  m_PrefabInternal: {fileID: 100100000}
  m_GameObject: {fileID: 191206}
  m_Mass: 1
  m_LinearDrag: 0
  m_AngularDrag: .0500000007
  m_GravityScale: 5
  m_FixedAngle: 0
  m_IsKinematic: 0
  m_Interpolate: 0
  m_SleepingMode: 1
  m_CollisionDetection: 0
--- !u!58 &5855880
CircleCollider2D:
  m_ObjectHideFlags: 1
  m_PrefabParentObject: {fileID: 0}
  m_PrefabInternal: {fileID: 100100000}
  m_GameObject: {fileID: 169286}
  m_Enabled: 1
  m_Material: {fileID: 0}
  m_IsTrigger: 0
  m_UsedByEffector: 0
  m_Offset: {x: -2.38418579e-07, y: 0}
  serializedVersion: 2
  m_Radius: .579999983
--- !u!60 &6015844
PolygonCollider2D:
  m_ObjectHideFlags: 1
  m_PrefabParentObject: {fileID: 0}
  m_PrefabInternal: {fileID: 100100000}
  m_GameObject: {fileID: 115844}
  m_Enabled: 1
  m_Material: {fileID: 0}
  m_IsTrigger: 0
  m_UsedByEffector: 0
  m_Offset: {x: 0, y: 0}
  m_Points:
    m_Paths:
    - - {x: 2.6099999, y: -.219999999}
      - {x: 3.19000006, y: -.230000004}
      - {x: 3.77999997, y: -.239999995}
      - {x: 4.09000015, y: -.280000001}
      - {x: 3.94664621, y: -.234610468}
      - {x: 3.97589183, y: -.264766723}
      - {x: 4.0939579, y: -.129532576}
      - {x: 4.07392454, y: .244921789}
      - {x: 3.93437958, y: .595701337}
      - {x: 3.71933603, y: .795389831}
      - {x: 3.68000007, y: .720000029}
      - {x: 3.54999995, y: .709999979}
      - {x: 1.42999995, y: .699999988}
      - {x: 1.38999999, y: .689999998}
      - {x: 1.07000005, y: .649999976}
      - {x: -1.09000003, y: .639999986}
      - {x: -1.09000003, y: .660000026}
      - {x: -1.25, y: .649999976}
      - {x: -1.44000006, y: .610000014}
      - {x: -2.23000002, y: .589999974}
      - {x: -2.8599999, y: .610000014}
      - {x: -3.08999991, y: .649999976}
      - {x: -3.70000005, y: .649999976}
      - {x: -3.81782484, y: .705390036}
      - {x: -3.82044816, y: .585502207}
      - {x: -3.84513569, y: .398909032}
      - {x: -3.85975766, y: .264142811}
      - {x: -3.80631351, y: .0544549599}
      - {x: -3.8316915, y: -.185233176}
      - {x: -3.81513667, y: -.234766439}
      - {x: -3.84773397, y: -.219532341}
      - {x: -3.47000003, y: -.310000002}
      - {x: -3.3900001, y: -.280000001}
      - {x: -2.44000006, y: -.310000002}
      - {x: -1.20000005, y: -.310000002}
      - {x: -.860000014, y: -.270000011}
      - {x: -.850000024, y: -.25999999}
      - {x: 2.51999998, y: -.25999999}
--- !u!60 &6091206
PolygonCollider2D:
  m_ObjectHideFlags: 1
  m_PrefabParentObject: {fileID: 0}
  m_PrefabInternal: {fileID: 100100000}
  m_GameObject: {fileID: 191206}
  m_Enabled: 0
  m_Material: {fileID: 0}
  m_IsTrigger: 0
  m_UsedByEffector: 0
  m_Offset: {x: 0, y: 0}
  m_Points:
    m_Paths:
    - - {x: 2.6099999, y: -.219999999}
      - {x: 3.19000006, y: -.230000004}
      - {x: 3.77999997, y: -.239999995}
      - {x: 4.09000015, y: -.280000001}
      - {x: 3.94664621, y: -.234610468}
      - {x: 3.97589183, y: -.264766723}
      - {x: 4.0939579, y: -.129532576}
      - {x: 4.07392454, y: .244921789}
      - {x: 3.93437958, y: .595701337}
      - {x: 3.71933603, y: .795389831}
      - {x: 3.68000007, y: .720000029}
      - {x: 3.54999995, y: .709999979}
      - {x: 1.42999995, y: .699999988}
      - {x: 1.38999999, y: .689999998}
      - {x: 1.07000005, y: .649999976}
      - {x: -1.09000003, y: .639999986}
      - {x: -1.09000003, y: .660000026}
      - {x: -1.25, y: .649999976}
      - {x: -1.44000006, y: .610000014}
      - {x: -2.23000002, y: .589999974}
      - {x: -2.8599999, y: .610000014}
      - {x: -3.08999991, y: .649999976}
      - {x: -3.70000005, y: .649999976}
      - {x: -3.81782484, y: .705390036}
      - {x: -3.82044816, y: .585502207}
      - {x: -3.84513569, y: .398909032}
      - {x: -3.85975766, y: .264142811}
      - {x: -3.80631351, y: .0544549599}
      - {x: -3.8316915, y: -.185233176}
      - {x: -3.81513667, y: -.234766439}
      - {x: -3.84773397, y: -.219532341}
      - {x: -3.47000003, y: -.310000002}
      - {x: -3.3900001, y: -.280000001}
      - {x: -2.44000006, y: -.310000002}
      - {x: -1.20000005, y: -.310000002}
      - {x: -.860000014, y: -.270000011}
      - {x: -.850000024, y: -.25999999}
      - {x: 2.51999998, y: -.25999999}
--- !u!95 &9569284
Animator:
  serializedVersion: 3
  m_ObjectHideFlags: 1
  m_PrefabParentObject: {fileID: 0}
  m_PrefabInternal: {fileID: 100100000}
  m_GameObject: {fileID: 191206}
  m_Enabled: 1
  m_Avatar: {fileID: 0}
  m_Controller: {fileID: 9100000, guid: 3f286d760056ab14789b6ba1e34b5c0e, type: 2}
  m_CullingMode: 0
  m_UpdateMode: 0
  m_ApplyRootMotion: 1
  m_LinearVelocityBlending: 0
  m_WarningMessage: 
  m_HasTransformHierarchy: 1
  m_AllowConstantClipSamplingOptimization: 1
--- !u!95 &9569286
Animator:
  serializedVersion: 3
  m_ObjectHideFlags: 1
  m_PrefabParentObject: {fileID: 0}
  m_PrefabInternal: {fileID: 100100000}
  m_GameObject: {fileID: 169286}
  m_Enabled: 1
  m_Avatar: {fileID: 0}
  m_Controller: {fileID: 9100000, guid: 43088f5f74410004c889f6b698f2cd87, type: 2}
  m_CullingMode: 0
  m_UpdateMode: 0
  m_ApplyRootMotion: 1
  m_LinearVelocityBlending: 0
  m_WarningMessage: 
  m_HasTransformHierarchy: 1
  m_AllowConstantClipSamplingOptimization: 1
--- !u!114 &11415842
MonoBehaviour:
  m_ObjectHideFlags: 1
  m_PrefabParentObject: {fileID: 0}
  m_PrefabInternal: {fileID: 100100000}
  m_GameObject: {fileID: 115844}
  m_Enabled: 1
  m_EditorHideFlags: 0
  m_Script: {fileID: 11500000, guid: 8a5f0908d6b5a5548987ed66f9130fcc, type: 3}
  m_Name: 
  m_EditorClassIdentifier: 
  ang: 0
  player: {fileID: 0}
--- !u!114 &11415844
MonoBehaviour:
  m_ObjectHideFlags: 1
  m_PrefabParentObject: {fileID: 0}
  m_PrefabInternal: {fileID: 100100000}
  m_GameObject: {fileID: 115844}
  m_Enabled: 1
  m_EditorHideFlags: 0
  m_Script: {fileID: 11500000, guid: bb30c9be5c43c504b902075bb34ed2dd, type: 3}
  m_Name: 
  m_EditorClassIdentifier: 
  player: {fileID: 0}
  throwForce: 10
  arrow: {fileID: 169286}
  distance: 10
  hower: {fileID: 191206}
  CanPickUp: 0
--- !u!212 &21215844
SpriteRenderer:
  m_ObjectHideFlags: 1
  m_PrefabParentObject: {fileID: 0}
  m_PrefabInternal: {fileID: 100100000}
  m_GameObject: {fileID: 115844}
  m_Enabled: 1
  m_CastShadows: 0
  m_ReceiveShadows: 0
  m_Materials:
  - {fileID: 10754, guid: 0000000000000000e000000000000000, type: 0}
  m_SubsetIndices: 
  m_StaticBatchRoot: {fileID: 0}
  m_UseLightProbes: 0
  m_ReflectionProbeUsage: 1
  m_ProbeAnchor: {fileID: 0}
  m_ScaleInLightmap: 1
  m_PreserveUVs: 0
  m_ImportantGI: 0
  m_AutoUVMaxDistance: .5
  m_AutoUVMaxAngle: 89
  m_LightmapParameters: {fileID: 0}
  m_SortingLayerID: -1187640451
  m_SortingOrder: 0
  m_Sprite: {fileID: 21300000, guid: 66ee508dad5b06c478d3efdb2b43962e, type: 3}
  m_Color: {r: 1, g: 1, b: 1, a: 1}
--- !u!212 &21269286
SpriteRenderer:
  m_ObjectHideFlags: 1
  m_PrefabParentObject: {fileID: 0}
  m_PrefabInternal: {fileID: 100100000}
  m_GameObject: {fileID: 169286}
  m_Enabled: 1
  m_CastShadows: 0
  m_ReceiveShadows: 0
  m_Materials:
  - {fileID: 10754, guid: 0000000000000000e000000000000000, type: 0}
  m_SubsetIndices: 
  m_StaticBatchRoot: {fileID: 0}
  m_UseLightProbes: 0
  m_ReflectionProbeUsage: 1
  m_ProbeAnchor: {fileID: 0}
  m_ScaleInLightmap: 1
  m_PreserveUVs: 0
  m_ImportantGI: 0
  m_AutoUVMaxDistance: .5
  m_AutoUVMaxAngle: 89
  m_LightmapParameters: {fileID: 0}
  m_SortingLayerID: 0
  m_SortingOrder: 0
  m_Sprite: {fileID: 21300000, guid: b02a3eb9d80f2ed48a11c2ea2f3b5b3a, type: 3}
  m_Color: {r: 1, g: 1, b: 1, a: 1}
--- !u!212 &21291206
SpriteRenderer:
  m_ObjectHideFlags: 1
  m_PrefabParentObject: {fileID: 0}
  m_PrefabInternal: {fileID: 100100000}
  m_GameObject: {fileID: 191206}
  m_Enabled: 1
  m_CastShadows: 0
  m_ReceiveShadows: 0
  m_Materials:
  - {fileID: 10754, guid: 0000000000000000e000000000000000, type: 0}
  m_SubsetIndices: 
  m_StaticBatchRoot: {fileID: 0}
  m_UseLightProbes: 0
  m_ReflectionProbeUsage: 1
  m_ProbeAnchor: {fileID: 0}
  m_ScaleInLightmap: 1
  m_PreserveUVs: 0
  m_ImportantGI: 0
  m_AutoUVMaxDistance: .5
  m_AutoUVMaxAngle: 89
  m_LightmapParameters: {fileID: 0}
  m_SortingLayerID: -1187640451
  m_SortingOrder: 0
  m_Sprite: {fileID: 21300000, guid: 8bca745da3957e645a1d452e5820f6b7, type: 3}
  m_Color: {r: 1, g: 1, b: 1, a: 1}
--- !u!1001 &100100000
Prefab:
  m_ObjectHideFlags: 1
  serializedVersion: 2
  m_Modification:
    m_TransformParent: {fileID: 0}
    m_Modifications: []
    m_RemovedComponents: []
  m_ParentPrefab: {fileID: 0}
  m_RootGameObject: {fileID: 115844}
  m_IsPrefabParent: 1
